% ------------------------------------------------------------------------
% BIBLIOGRAFIA
% ------------------------------------------------------------------------

@book{ksiazka:hodowla,
	author="Stanis³awa Stok³osowa",
	title="Hodowla komórek i tkanek",
	publisher="Wydawnictwo Naukowe PWN",
	address="Warszawa",
	year="2004"
}





